%% This BibTeX bibliography file was created using BibDesk.
%% http://bibdesk.sourceforge.net/

%% Created for aboye at 2018-05-04 10:24:15 +0200 


%% Saved with string encoding Unicode (UTF-8) 



@article{de_Bello_2011,
	Annote = {* Surlignement, page 2
The Rao index expresses the average dissimilarity between species pairs in a community and does not trivially correlate with the species richness (de Bello et al., 2010).

* Surlignement, page 2
one plot considered as convergent in one data set will be considered divergent in another. The idea that null-model results will change with the pool of samples considered is defi- nitely not novel (Weiher & Keddy, 1995), but seems to be often ignored.

* Surlignement, page 4
the bigger the spatial scale considered, the more likely that habitat effects will be detected (Weiher & Keddy, 1995; Willis et al., 2010).

* Surlignement, page 4
This result should alert again ecologists to the fact that detection of community assembly is strongly dependent on the pool of samples considered.

* Surlignement, page 4
The results presented refer to the quasiswap method of Miklos & Podani (2004), with 499 randomizations, which satisfies the require- ments for equidistribution of species. The commsimulator function was used to generate null communities (vegan library; R Development Core Team, 2009). The quasiswap method ran- domizes species composition while keeping the number of species per plot in the randomized data fixed (see de Bello et al., 2009, for details).

* Note ancr{\'e}e, page 4
The quasiswap method ran- domizes species composition while keeping the number of species per plot in the randomized data fixed (see de Bello et al., 2009, for details).

Maintain row and column totals : sur pr{\'e}sence absence cela pr{\'e}serve la richesse des {\'e}chantillons mais les donn{\'e}es d'abondance, cela devrait pr{\'e}server les abondances totales des {\'e}chantillons. Comportement de cette fonction {\`a} v{\'e}rifier	

},
	Author = {de Bello, Francesco},
	Date-Added = {2018-04-20 13:28:58 +0000},
	Date-Modified = {2018-04-20 13:29:06 +0000},
	Doi = {10.1111/j.1466-8238.2011.00682.x},
	Issn = {1466-822X},
	Journal = {Global Ecology and Biogeography},
	Keywords = {Null models, Trait dispersion, Chapitre 3},
	Month = {May},
	Number = {3},
	Pages = {312--317},
	Publisher = {Wiley-Blackwell},
	Read = {1},
	Title = {The quest for trait convergence and divergence in community assembly: are null-models the magic wand?},
	Url = {http://dx.doi.org/10.1111/j.1466-8238.2011.00682.x},
	Volume = {21},
	Year = {2011},
	Bdsk-File-1 = {YnBsaXN0MDDUAQIDBAUGJCVYJHZlcnNpb25YJG9iamVjdHNZJGFyY2hpdmVyVCR0b3ASAAGGoKgHCBMUFRYaIVUkbnVsbNMJCgsMDxJXTlMua2V5c1pOUy5vYmplY3RzViRjbGFzc6INDoACgAOiEBGABIAFgAdccmVsYXRpdmVQYXRoWWFsaWFzRGF0YV8QRS4uLy4uLy4uLy4uLy4uLy4uL0JpYmxpb2dyYXBoaWUvVHJhaXRzIGRlIHZpZS9kZSBCZWxsbyAyMDEyIChHRUIpLnBkZtIXCxgZV05TLmRhdGFPEQG0AAAAAAG0AAIAAAxNYWNpbnRvc2ggSEQAAAAAAAAAAAAAAAAAAAAAAAAAQkQAAf////8XZGUgQmVsbG8gMjAxMiAoR0VCKS5wZGYAAAAAAAAAAAAAAAAAAAAAAAAAAAAAAAAAAAAAAAAAAAAAAAAAAAAA/////wAAAABQREYgAAAAAAAGAAMAAAogY3UAAAAAAAAAAAAAAAAADVRyYWl0cyBkZSB2aWUAAAIAUi86VXNlcnM6YWJveWU6RG9jdW1lbnRzOkJvdWxvdDpCaWJsaW9ncmFwaGllOlRyYWl0cyBkZSB2aWU6ZGUgQmVsbG8gMjAxMiAoR0VCKS5wZGYADgAwABcAZABlACAAQgBlAGwAbABvACAAMgAwADEAMgAgACgARwBFAEIAKQAuAHAAZABmAA8AGgAMAE0AYQBjAGkAbgB0AG8AcwBoACAASABEABIAUFVzZXJzL2Fib3llL0RvY3VtZW50cy9Cb3Vsb3QvQmlibGlvZ3JhcGhpZS9UcmFpdHMgZGUgdmllL2RlIEJlbGxvIDIwMTIgKEdFQikucGRmABMAAS8AABUAAgAM//8AAIAG0hscHR5aJGNsYXNzbmFtZVgkY2xhc3Nlc11OU011dGFibGVEYXRhox0fIFZOU0RhdGFYTlNPYmplY3TSGxwiI1xOU0RpY3Rpb25hcnmiIiBfEA9OU0tleWVkQXJjaGl2ZXLRJidUcm9vdIABAAgAEQAaACMALQAyADcAQABGAE0AVQBgAGcAagBsAG4AcQBzAHUAdwCEAI4A1gDbAOMCmwKdAqICrQK2AsQCyALPAtgC3QLqAu0C/wMCAwcAAAAAAAACAQAAAAAAAAAoAAAAAAAAAAAAAAAAAAADCQ==},
	Bdsk-Url-1 = {http://dx.doi.org/10.1111/j.1466-8238.2011.00682.x}}

@article{chalmandrier2013,
	Author = {Chalmandrier, L and M{\"u}nkem{\"u}ller, T and Gallien, L and Bello, F and Mazel, F and Lavergne, S and Thuiller, W},
	Date-Added = {2018-04-18 08:59:45 +0000},
	Date-Modified = {2018-04-20 07:28:17 +0000},
	Journal = {Journal of Vegetation Science},
	Keywords = {Null models, Chapitre 3, Trait dispersion},
	Number = {5},
	Pages = {853--864},
	Publisher = {Wiley Online Library},
	Title = {A family of null models to distinguish between environmental filtering and biotic interactions in functional diversity patterns},
	Volume = {24},
	Year = {2013},
	Bdsk-File-1 = {YnBsaXN0MDDUAQIDBAUGJCVYJHZlcnNpb25YJG9iamVjdHNZJGFyY2hpdmVyVCR0b3ASAAGGoKgHCBMUFRYaIVUkbnVsbNMJCgsMDxJXTlMua2V5c1pOUy5vYmplY3RzViRjbGFzc6INDoACgAOiEBGABIAFgAdccmVsYXRpdmVQYXRoWWFsaWFzRGF0YV8QUC4uLy4uLy4uLy4uLy4uLy4uL0JpYmxpb2dyYXBoaWUvVHJhaXRzIGRlIHZpZS9DaGFsbWFuZHJpZXIgZXQgYWwuIDIwMTMgKEpWUykucGRm0hcLGBlXTlMuZGF0YU8RAeIAAAAAAeIAAgAADE1hY2ludG9zaCBIRAAAAAAAAAAAAAAAAAAAAAAAAABCRAAB/////x9DaGFsbWFuZHJpZXIgZXQgYWwjRkZGRkZGRkYucGRmAAAAAAAAAAAAAAAAAAAAAAAAAAAAAAAAAAAAAAAAAAD/////AAAAAAAAAAAAAAAAAAYAAwAACiBjdQAAAAAAAAAAAAAAAAANVHJhaXRzIGRlIHZpZQAAAgBdLzpVc2VyczphYm95ZTpEb2N1bWVudHM6Qm91bG90OkJpYmxpb2dyYXBoaWU6VHJhaXRzIGRlIHZpZTpDaGFsbWFuZHJpZXIgZXQgYWwuIDIwMTMgKEpWUykucGRmAAAOAEYAIgBDAGgAYQBsAG0AYQBuAGQAcgBpAGUAcgAgAGUAdAAgAGEAbAAuACAAMgAwADEAMwAgACgASgBWAFMAKQAuAHAAZABmAA8AGgAMAE0AYQBjAGkAbgB0AG8AcwBoACAASABEABIAW1VzZXJzL2Fib3llL0RvY3VtZW50cy9Cb3Vsb3QvQmlibGlvZ3JhcGhpZS9UcmFpdHMgZGUgdmllL0NoYWxtYW5kcmllciBldCBhbC4gMjAxMyAoSlZTKS5wZGYAABMAAS8AABUAAgAM//8AAIAG0hscHR5aJGNsYXNzbmFtZVgkY2xhc3Nlc11OU011dGFibGVEYXRhox0fIFZOU0RhdGFYTlNPYmplY3TSGxwiI1xOU0RpY3Rpb25hcnmiIiBfEA9OU0tleWVkQXJjaGl2ZXLRJidUcm9vdIABAAgAEQAaACMALQAyADcAQABGAE0AVQBgAGcAagBsAG4AcQBzAHUAdwCEAI4A4QDmAO4C1ALWAtsC5gLvAv0DAQMIAxEDFgMjAyYDOAM7A0AAAAAAAAACAQAAAAAAAAAoAAAAAAAAAAAAAAAAAAADQg==}}

@article{wesuls2012partialRLQ,
	Author = {Wesuls, Dirk and Oldeland, Jens and Dray, St{\'e}phane},
	Date-Added = {2018-04-18 07:26:47 +0000},
	Date-Modified = {2018-04-18 07:26:47 +0000},
	Journal = {Journal of Vegetation Science},
	Number = {1},
	Pages = {98--113},
	Publisher = {Wiley Online Library},
	Title = {Disentangling plant trait responses to livestock grazing from spatio-temporal variation: the partial RLQ approach},
	Volume = {23},
	Year = {2012},
	Bdsk-File-1 = {YnBsaXN0MDDUAQIDBAUGJCVYJHZlcnNpb25YJG9iamVjdHNZJGFyY2hpdmVyVCR0b3ASAAGGoKgHCBMUFRYaIVUkbnVsbNMJCgsMDxJXTlMua2V5c1pOUy5vYmplY3RzViRjbGFzc6INDoACgAOiEBGABIAFgAdccmVsYXRpdmVQYXRoWWFsaWFzRGF0YV8QXC4uLy4uLy4uLy4uLy4uLy4uL0JpYmxpb2dyYXBoaWUvVHJhaXRzIGRlIHZpZS9NZXRob2RzL1dlc3VscyBldCBhbCAyMDEyIChKLiBvZiBWZWcuIFNjLikucGRm0hcLGBlXTlMuZGF0YU8RAfwAAAAAAfwAAgAADE1hY2ludG9zaCBIRAAAAAAAAAAAAAAAAAAAAAAAAABCRAAB/////x9XZXN1bHMgZXQgYWwgMjAxMiAjRkZGRkZGRkYucGRmAAAAAAAAAAAAAAAAAAAAAAAAAAAAAAAAAAAAAAAAAAD/////AAAAAAAAAAAAAAAAAAYABAAACiBjdQAAAAAAAAAAAAAAAAAHTWV0aG9kcwAAAgBpLzpVc2VyczphYm95ZTpEb2N1bWVudHM6Qm91bG90OkJpYmxpb2dyYXBoaWU6VHJhaXRzIGRlIHZpZTpNZXRob2RzOldlc3VscyBldCBhbCAyMDEyIChKLiBvZiBWZWcuIFNjLikucGRmAAAOAE4AJgBXAGUAcwB1AGwAcwAgAGUAdAAgAGEAbAAgADIAMAAxADIAIAAoAEoALgAgAG8AZgAgAFYAZQBnAC4AIABTAGMALgApAC4AcABkAGYADwAaAAwATQBhAGMAaQBuAHQAbwBzAGgAIABIAEQAEgBnVXNlcnMvYWJveWUvRG9jdW1lbnRzL0JvdWxvdC9CaWJsaW9ncmFwaGllL1RyYWl0cyBkZSB2aWUvTWV0aG9kcy9XZXN1bHMgZXQgYWwgMjAxMiAoSi4gb2YgVmVnLiBTYy4pLnBkZgAAEwABLwAAFQACAAz//wAAgAbSGxwdHlokY2xhc3NuYW1lWCRjbGFzc2VzXU5TTXV0YWJsZURhdGGjHR8gVk5TRGF0YVhOU09iamVjdNIbHCIjXE5TRGljdGlvbmFyeaIiIF8QD05TS2V5ZWRBcmNoaXZlctEmJ1Ryb290gAEACAARABoAIwAtADIANwBAAEYATQBVAGAAZwBqAGwAbgBxAHMAdQB3AIQAjgDtAPIA+gL6AvwDAQMMAxUDIwMnAy4DNwM8A0kDTANeA2EDZgAAAAAAAAIBAAAAAAAAACgAAAAAAAAAAAAAAAAAAANo}}

@article{dandrea_ostling2016,
	Author = {D'andrea, Rafael and Ostling, Annette},
	Date-Added = {2018-04-18 07:26:28 +0000},
	Date-Modified = {2018-04-20 07:26:31 +0000},
	Journal = {Oikos},
	Keywords = {Functional indices, Trait dispersion, Null models, Chapitre 3},
	Number = {10},
	Pages = {1369--1385},
	Publisher = {Wiley Online Library},
	Title = {Challenges in linking trait patterns to niche differentiation},
	Volume = {125},
	Year = {2016},
	Bdsk-File-1 = {YnBsaXN0MDDUAQIDBAUGJCVYJHZlcnNpb25YJG9iamVjdHNZJGFyY2hpdmVyVCR0b3ASAAGGoKgHCBMUFRYaIVUkbnVsbNMJCgsMDxJXTlMua2V5c1pOUy5vYmplY3RzViRjbGFzc6INDoACgAOiEBGABIAFgAdccmVsYXRpdmVQYXRoWWFsaWFzRGF0YV8QUi4uLy4uLy4uLy4uLy4uLy4uL0JpYmxpb2dyYXBoaWUvVHJhaXRzIGRlIHZpZS9EJ2FuZHJlYSBldCBPc3RsaW5nIDIwMTYgKE9pa29zKS5wZGbSFwsYGVdOUy5kYXRhTxEB6gAAAAAB6gACAAAMTWFjaW50b3NoIEhEAAAAAAAAAAAAAAAAAAAAAAAAAEJEAAH/////H0QnYW5kcmVhIGV0IE9zdGxpbiNGRkZGRkZGRi5wZGYAAAAAAAAAAAAAAAAAAAAAAAAAAAAAAAAAAAAAAAAAAP////8AAAAAAAAAAAAAAAAABgADAAAKIGN1AAAAAAAAAAAAAAAAAA1UcmFpdHMgZGUgdmllAAACAF8vOlVzZXJzOmFib3llOkRvY3VtZW50czpCb3Vsb3Q6QmlibGlvZ3JhcGhpZTpUcmFpdHMgZGUgdmllOkQnYW5kcmVhIGV0IE9zdGxpbmcgMjAxNiAoT2lrb3MpLnBkZgAADgBKACQARAAnAGEAbgBkAHIAZQBhACAAZQB0ACAATwBzAHQAbABpAG4AZwAgADIAMAAxADYAIAAoAE8AaQBrAG8AcwApAC4AcABkAGYADwAaAAwATQBhAGMAaQBuAHQAbwBzAGgAIABIAEQAEgBdVXNlcnMvYWJveWUvRG9jdW1lbnRzL0JvdWxvdC9CaWJsaW9ncmFwaGllL1RyYWl0cyBkZSB2aWUvRCdhbmRyZWEgZXQgT3N0bGluZyAyMDE2IChPaWtvcykucGRmAAATAAEvAAAVAAIADP//AACABtIbHB0eWiRjbGFzc25hbWVYJGNsYXNzZXNdTlNNdXRhYmxlRGF0YaMdHyBWTlNEYXRhWE5TT2JqZWN00hscIiNcTlNEaWN0aW9uYXJ5oiIgXxAPTlNLZXllZEFyY2hpdmVy0SYnVHJvb3SAAQAIABEAGgAjAC0AMgA3AEAARgBNAFUAYABnAGoAbABuAHEAcwB1AHcAhACOAOMA6ADwAt4C4ALlAvAC+QMHAwsDEgMbAyADLQMwA0IDRQNKAAAAAAAAAgEAAAAAAAAAKAAAAAAAAAAAAAAAAAAAA0w=}}

@article{kleyer2012methods,
	Author = {Kleyer, Michael and Dray, St{\'e}phane and Bello, Francescode and Lep{\v{s}}, Jan and Pakeman, Robin J and Strauss, Barbara and Thuiller, Wilfried and Lavorel, Sandra},
	Date-Added = {2018-04-18 07:26:28 +0000},
	Date-Modified = {2018-04-18 07:26:28 +0000},
	Journal = {Journal of Vegetation Science},
	Number = {5},
	Pages = {805--821},
	Publisher = {Wiley Online Library},
	Title = {Assessing species and community functional responses to environmental gradients: which multivariate methods?},
	Volume = {23},
	Year = {2012},
	Bdsk-File-1 = {YnBsaXN0MDDUAQIDBAUGJCVYJHZlcnNpb25YJG9iamVjdHNZJGFyY2hpdmVyVCR0b3ASAAGGoKgHCBMUFRYaIVUkbnVsbNMJCgsMDxJXTlMua2V5c1pOUy5vYmplY3RzViRjbGFzc6INDoACgAOiEBGABIAFgAdccmVsYXRpdmVQYXRoWWFsaWFzRGF0YV8Qay4uLy4uLy4uLy4uLy4uLy4uL0JpYmxpb2dyYXBoaWUvVHJhaXRzIGRlIHZpZS9NZXRob2RzL0tsZXllciBldCBhbCAyMDEyIChKb3VybmFsIG9mIFZlZ2V0YXRpb24gU2NpZW5jZSkucGRm0hcLGBlXTlMuZGF0YU8RAjYAAAAAAjYAAgAADE1hY2ludG9zaCBIRAAAAAAAAAAAAAAAAAAAAAAAAABCRAAB/////x9LbGV5ZXIgZXQgYWwgMjAxMiAjRkZGRkZGRkYucGRmAAAAAAAAAAAAAAAAAAAAAAAAAAAAAAAAAAAAAAAAAAD/////AAAAAAAAAAAAAAAAAAYABAAACiBjdQAAAAAAAAAAAAAAAAAHTWV0aG9kcwAAAgB4LzpVc2VyczphYm95ZTpEb2N1bWVudHM6Qm91bG90OkJpYmxpb2dyYXBoaWU6VHJhaXRzIGRlIHZpZTpNZXRob2RzOktsZXllciBldCBhbCAyMDEyIChKb3VybmFsIG9mIFZlZ2V0YXRpb24gU2NpZW5jZSkucGRmAA4AbAA1AEsAbABlAHkAZQByACAAZQB0ACAAYQBsACAAMgAwADEAMgAgACgASgBvAHUAcgBuAGEAbAAgAG8AZgAgAFYAZQBnAGUAdABhAHQAaQBvAG4AIABTAGMAaQBlAG4AYwBlACkALgBwAGQAZgAPABoADABNAGEAYwBpAG4AdABvAHMAaAAgAEgARAASAHZVc2Vycy9hYm95ZS9Eb2N1bWVudHMvQm91bG90L0JpYmxpb2dyYXBoaWUvVHJhaXRzIGRlIHZpZS9NZXRob2RzL0tsZXllciBldCBhbCAyMDEyIChKb3VybmFsIG9mIFZlZ2V0YXRpb24gU2NpZW5jZSkucGRmABMAAS8AABUAAgAM//8AAIAG0hscHR5aJGNsYXNzbmFtZVgkY2xhc3Nlc11OU011dGFibGVEYXRhox0fIFZOU0RhdGFYTlNPYmplY3TSGxwiI1xOU0RpY3Rpb25hcnmiIiBfEA9OU0tleWVkQXJjaGl2ZXLRJidUcm9vdIABAAgAEQAaACMALQAyADcAQABGAE0AVQBgAGcAagBsAG4AcQBzAHUAdwCEAI4A/AEBAQkDQwNFA0oDVQNeA2wDcAN3A4ADhQOSA5UDpwOqA68AAAAAAAACAQAAAAAAAAAoAAAAAAAAAAAAAAAAAAADsQ==}}

@article{mouillot2013indic,
	Author = {Mouillot, David and Graham, Nicholas AJ and Vill{\'e}ger, S{\'e}bastien and Mason, Norman WH and Bellwood, David R},
	Date-Added = {2018-04-18 07:25:48 +0000},
	Date-Modified = {2018-04-20 07:29:52 +0000},
	Journal = {Trends in ecology {\&} evolution},
	Keywords = {Functional indices},
	Number = {3},
	Pages = {167--177},
	Publisher = {Elsevier},
	Read = {1},
	Title = {A functional approach reveals community responses to disturbances},
	Volume = {28},
	Year = {2013},
	Bdsk-File-1 = {YnBsaXN0MDDUAQIDBAUGJCVYJHZlcnNpb25YJG9iamVjdHNZJGFyY2hpdmVyVCR0b3ASAAGGoKgHCBMUFRYaIVUkbnVsbNMJCgsMDxJXTlMua2V5c1pOUy5vYmplY3RzViRjbGFzc6INDoACgAOiEBGABIAFgAdccmVsYXRpdmVQYXRoWWFsaWFzRGF0YV8QWy4uLy4uLy4uLy4uLy4uLy4uL0JpYmxpb2dyYXBoaWUvVHJhaXRzIGRlIHZpZS9JbmRpY2VzIGZvbmN0aW9ubmVscy9Nb3VpbGxvdCAyMDEzIChUUkVFKS5wZGbSFwsYGVdOUy5kYXRhTxEB6AAAAAAB6AACAAAMTWFjaW50b3NoIEhEAAAAAAAAAAAAAAAAAAAAAAAAAEJEAAH/////GE1vdWlsbG90IDIwMTMgKFRSRUUpLnBkZgAAAAAAAAAAAAAAAAAAAAAAAAAAAAAAAAAAAAAAAAAAAAAAAAAAAP////8AAAAAAAAAAAAAAAAABgAEAAAKIGN1AAAAAAAAAAAAAAAAABRJbmRpY2VzIGZvbmN0aW9ubmVscwACAGgvOlVzZXJzOmFib3llOkRvY3VtZW50czpCb3Vsb3Q6QmlibGlvZ3JhcGhpZTpUcmFpdHMgZGUgdmllOkluZGljZXMgZm9uY3Rpb25uZWxzOk1vdWlsbG90IDIwMTMgKFRSRUUpLnBkZgAOADIAGABNAG8AdQBpAGwAbABvAHQAIAAyADAAMQAzACAAKABUAFIARQBFACkALgBwAGQAZgAPABoADABNAGEAYwBpAG4AdABvAHMAaAAgAEgARAASAGZVc2Vycy9hYm95ZS9Eb2N1bWVudHMvQm91bG90L0JpYmxpb2dyYXBoaWUvVHJhaXRzIGRlIHZpZS9JbmRpY2VzIGZvbmN0aW9ubmVscy9Nb3VpbGxvdCAyMDEzIChUUkVFKS5wZGYAEwABLwAAFQACAAz//wAAgAbSGxwdHlokY2xhc3NuYW1lWCRjbGFzc2VzXU5TTXV0YWJsZURhdGGjHR8gVk5TRGF0YVhOU09iamVjdNIbHCIjXE5TRGljdGlvbmFyeaIiIF8QD05TS2V5ZWRBcmNoaXZlctEmJ1Ryb290gAEACAARABoAIwAtADIANwBAAEYATQBVAGAAZwBqAGwAbgBxAHMAdQB3AIQAjgDsAPEA+QLlAucC7AL3AwADDgMSAxkDIgMnAzQDNwNJA0wDUQAAAAAAAAIBAAAAAAAAACgAAAAAAAAAAAAAAAAAAANT}}

@article{zhang2015,
	Author = {Zhang, Hui and Qi, Wei and John, Robert and Wang, Wenbin and Song, Feifan and Zhou, Shurong},
	Date-Added = {2018-04-16 09:08:50 +0000},
	Date-Modified = {2018-04-16 09:09:08 +0000},
	Journal = {Ecography},
	Keywords = {Null models},
	Number = {12},
	Pages = {1176--1186},
	Publisher = {Wiley Online Library},
	Title = {Using functional trait diversity to evaluate the contribution of multiple ecological processes to community assembly during succession},
	Volume = {38},
	Year = {2015}}

@article{spasojevic2012,
	Annote = {1. Many studies of community assembly focus on two mechanisms: environmental filtering and competitive interactions. This focus ignores the importance of other assembly processes such as equalizing fitness processes and facilitation. The contribution of different processes to community assembly can be elucidated by examining functional diversity patterns of traits that differ in their contribution to different assembly processes.

2. In alpine tundra, we explored trait patterns along a stress--resource gradient that varied in productivity, nitrogen availability and soil moisture. We explore whether functional diversity is low in abiotic stressful environments and increases in more benign environments as competition becomes more important, and if equalizing fitness processes and facilitation affect functional diversity. We calculated community‐weighted mean trait values and functional diversity for specific leaf area (SLA), leaf area, stomatal conductance, plant height and chlorophyll content as well as multivariate functional diversity and phylogenetic diversity.

3. At the community level, functional diversity increased at both ends of the gradient: high resource availability was associated with greater functional diversity in height and leaf area, and lower resource availability was associated with greater functional diversity in SLA, stomatal conductance, and chlorophyll content. As a result of this trade‐off in functional diversity among traits, multivariate functional diversity did not change across the gradient. Phylogenetic diversity increased with increasing resource availability.

4. We find evidence for at least three assembly processes along the gradient. Abiotic filtering by wind and cold exposure may reduce functional diversity in height and leaf area at the low resource end of the gradient. Also at low resource availability, increasing functional diversity in the other three traits suggests competition for below‐ground resources. At the resource‐rich end of the gradient, increased functional diversity in height and leaf area suggests increased competition for light or facilitation.

5. Synthesis: Our results suggest that multiple assembly processes (abiotic filtering, above‐ground competition, and below‐ground competition) operate simultaneously to structure plant communities along a stress--resource gradient. These processes would be obscured by a single multivariate trait index or phylogenetic diversity and are only evident by analysing functional diversity patterns of individual traits.},
	Author = {Spasojevic, Marko J and Suding, Katharine N},
	Date-Added = {2018-04-16 08:32:57 +0000},
	Date-Modified = {2018-04-16 08:32:57 +0000},
	Journal = {Journal of Ecology},
	Keywords = {Functional diversity, Trait dispersion},
	Number = {3},
	Pages = {652--661},
	Publisher = {Wiley Online Library},
	Title = {Inferring community assembly mechanisms from functional diversity patterns: the importance of multiple assembly processes},
	Volume = {100},
	Year = {2012},
	Bdsk-Url-1 = {https://besjournals.onlinelibrary.wiley.com/doi/abs/10.1111/j.1365-2745.2011.01945.x}}

@article{marteinsdottir2018,
	Author = {Marteinsd{\'o}ttir, Brynd{\'\i}s and Svavarsd{\'o}ttir, Krist{\'\i}n and Th{\'o}rhallsd{\'o}ttir, Th{\'o}ra Ellen},
	Date-Added = {2018-04-10 09:10:15 +0000},
	Date-Modified = {2018-04-20 07:25:17 +0000},
	Journal = {Ecology},
	Keywords = {Null models, Trait dispersion},
	Number = {1},
	Pages = {91--102},
	Publisher = {Wiley Online Library},
	Title = {Multiple mechanisms of early plant community assembly with stochasticity driving the process},
	Volume = {99},
	Year = {2018},
	Bdsk-File-1 = {YnBsaXN0MDDUAQIDBAUGJCVYJHZlcnNpb25YJG9iamVjdHNZJGFyY2hpdmVyVCR0b3ASAAGGoKgHCBMUFRYaIVUkbnVsbNMJCgsMDxJXTlMua2V5c1pOUy5vYmplY3RzViRjbGFzc6INDoACgAOiEBGABIAFgAdccmVsYXRpdmVQYXRoWWFsaWFzRGF0YV8QVS4uLy4uLy4uLy4uLy4uLy4uL0JpYmxpb2dyYXBoaWUvVHJhaXRzIGRlIHZpZS9NYXJ0ZWluc2RvdHRpciBldCBhbCAyMDE4IChFY29sb2d5KS5wZGbSFwsYGVdOUy5kYXRhTxEB9AAAAAAB9AACAAAMTWFjaW50b3NoIEhEAAAAAAAAAAAAAAAAAAAAAAAAAEJEAAH/////H01hcnRlaW5zZG90dGlyIGV0ICNGRkZGRkZGRi5wZGYAAAAAAAAAAAAAAAAAAAAAAAAAAAAAAAAAAAAAAAAAAP////8AAAAAAAAAAAAAAAAABgADAAAKIGN1AAAAAAAAAAAAAAAAAA1UcmFpdHMgZGUgdmllAAACAGIvOlVzZXJzOmFib3llOkRvY3VtZW50czpCb3Vsb3Q6QmlibGlvZ3JhcGhpZTpUcmFpdHMgZGUgdmllOk1hcnRlaW5zZG90dGlyIGV0IGFsIDIwMTggKEVjb2xvZ3kpLnBkZgAOAFAAJwBNAGEAcgB0AGUAaQBuAHMAZABvAHQAdABpAHIAIABlAHQAIABhAGwAIAAyADAAMQA4ACAAKABFAGMAbwBsAG8AZwB5ACkALgBwAGQAZgAPABoADABNAGEAYwBpAG4AdABvAHMAaAAgAEgARAASAGBVc2Vycy9hYm95ZS9Eb2N1bWVudHMvQm91bG90L0JpYmxpb2dyYXBoaWUvVHJhaXRzIGRlIHZpZS9NYXJ0ZWluc2RvdHRpciBldCBhbCAyMDE4IChFY29sb2d5KS5wZGYAEwABLwAAFQACAAz//wAAgAbSGxwdHlokY2xhc3NuYW1lWCRjbGFzc2VzXU5TTXV0YWJsZURhdGGjHR8gVk5TRGF0YVhOU09iamVjdNIbHCIjXE5TRGljdGlvbmFyeaIiIF8QD05TS2V5ZWRBcmNoaXZlctEmJ1Ryb290gAEACAARABoAIwAtADIANwBAAEYATQBVAGAAZwBqAGwAbgBxAHMAdQB3AIQAjgDmAOsA8wLrAu0C8gL9AwYDFAMYAx8DKAMtAzoDPQNPA1IDVwAAAAAAAAIBAAAAAAAAACgAAAAAAAAAAAAAAAAAAANZ}}

@article{perronne2017,
	Author = {Perronne, R{\'e}mi and Munoz, Fran{\c{c}}ois and Borgy, Benjamin and Reboud, Xavier and Gaba, Sabrina},
	Date-Added = {2018-04-06 08:01:07 +0000},
	Date-Modified = {2018-04-20 09:05:40 +0000},
	Journal = {Perspectives in Plant Ecology, Evolution and Systematics},
	Keywords = {Null models, Trait dispersion, Chapitre 3},
	Pages = {29--44},
	Publisher = {Elsevier},
	Title = {How to design trait-based analyses of community assembly mechanisms: Insights and guidelines from a literature review},
	Volume = {25},
	Year = {2017},
	Bdsk-File-1 = {YnBsaXN0MDDUAQIDBAUGJCVYJHZlcnNpb25YJG9iamVjdHNZJGFyY2hpdmVyVCR0b3ASAAGGoKgHCBMUFRYaIVUkbnVsbNMJCgsMDxJXTlMua2V5c1pOUy5vYmplY3RzViRjbGFzc6INDoACgAOiEBGABIAFgAdccmVsYXRpdmVQYXRoWWFsaWFzRGF0YV8QTi4uLy4uLy4uLy4uLy4uLy4uL0JpYmxpb2dyYXBoaWUvVHJhaXRzIGRlIHZpZS9QZXJyb25uZSBldCBhbC4gMjAxNyAoUFBFRVMpLnBkZtIXCxgZV05TLmRhdGFPEQHaAAAAAAHaAAIAAAxNYWNpbnRvc2ggSEQAAAAAAAAAAAAAAAAAAAAAAAAAQkQAAf////8fUGVycm9ubmUgZXQgYWwuIDIwI0ZGRkZGRkZGLnBkZgAAAAAAAAAAAAAAAAAAAAAAAAAAAAAAAAAAAAAAAAAA/////wAAAABQREYgAAAAAAAGAAMAAAogY3UAAAAAAAAAAAAAAAAADVRyYWl0cyBkZSB2aWUAAAIAWy86VXNlcnM6YWJveWU6RG9jdW1lbnRzOkJvdWxvdDpCaWJsaW9ncmFwaGllOlRyYWl0cyBkZSB2aWU6UGVycm9ubmUgZXQgYWwuIDIwMTcgKFBQRUVTKS5wZGYAAA4AQgAgAFAAZQByAHIAbwBuAG4AZQAgAGUAdAAgAGEAbAAuACAAMgAwADEANwAgACgAUABQAEUARQBTACkALgBwAGQAZgAPABoADABNAGEAYwBpAG4AdABvAHMAaAAgAEgARAASAFlVc2Vycy9hYm95ZS9Eb2N1bWVudHMvQm91bG90L0JpYmxpb2dyYXBoaWUvVHJhaXRzIGRlIHZpZS9QZXJyb25uZSBldCBhbC4gMjAxNyAoUFBFRVMpLnBkZgAAEwABLwAAFQACAAz//wAAgAbSGxwdHlokY2xhc3NuYW1lWCRjbGFzc2VzXU5TTXV0YWJsZURhdGGjHR8gVk5TRGF0YVhOU09iamVjdNIbHCIjXE5TRGljdGlvbmFyeaIiIF8QD05TS2V5ZWRBcmNoaXZlctEmJ1Ryb290gAEACAARABoAIwAtADIANwBAAEYATQBVAGAAZwBqAGwAbgBxAHMAdQB3AIQAjgDfAOQA7ALKAswC0QLcAuUC8wL3Av4DBwMMAxkDHAMuAzEDNgAAAAAAAAIBAAAAAAAAACgAAAAAAAAAAAAAAAAAAAM4}}

@article{astor2014trait_dispersion,
	Author = {Astor, Tina and Strengbom, Joachim and Berg, Matty P and Lenoir, Lisette and Marteinsd{\'o}ttir, Brynd{\'\i}s and Bengtsson, Jan},
	Date-Added = {2018-04-03 10:01:49 +0000},
	Date-Modified = {2018-04-20 07:27:20 +0000},
	Journal = {Ecology and evolution},
	Keywords = {Trait dispersion, Null models},
	Number = {11},
	Pages = {2090--2102},
	Publisher = {Wiley Online Library},
	Read = {1},
	Title = {Underdispersion and overdispersion of traits in terrestrial snail communities on islands},
	Volume = {4},
	Year = {2014},
	Bdsk-File-1 = {YnBsaXN0MDDUAQIDBAUGJCVYJHZlcnNpb25YJG9iamVjdHNZJGFyY2hpdmVyVCR0b3ASAAGGoKgHCBMUFRYaIVUkbnVsbNMJCgsMDxJXTlMua2V5c1pOUy5vYmplY3RzViRjbGFzc6INDoACgAOiEBGABIAFgAdccmVsYXRpdmVQYXRoWWFsaWFzRGF0YV8QVy4uLy4uLy4uLy4uLy4uLy4uL0JpYmxpb2dyYXBoaWUvVGhlb3JldGljYWwgZWNvbG9neS9Bc3RvciBldCBhbC4gMjAxNCAoRWNvbC4gRXZvbC4pLnBkZtIXCxgZV05TLmRhdGFPEQH2AAAAAAH2AAIAAAxNYWNpbnRvc2ggSEQAAAAAAAAAAAAAAAAAAAAAAAAAQkQAAf////8fQXN0b3IgZXQgYWwuIDIwMTQgI0ZGRkZGRkZGLnBkZgAAAAAAAAAAAAAAAAAAAAAAAAAAAAAAAAAAAAAAAAAA/////wAAAAAAAAAAAAAAAAAGAAMAAAogY3UAAAAAAAAAAAAAAAAAE1RoZW9yZXRpY2FsIGVjb2xvZ3kAAAIAZC86VXNlcnM6YWJveWU6RG9jdW1lbnRzOkJvdWxvdDpCaWJsaW9ncmFwaGllOlRoZW9yZXRpY2FsIGVjb2xvZ3k6QXN0b3IgZXQgYWwuIDIwMTQgKEVjb2wuIEV2b2wuKS5wZGYADgBIACMAQQBzAHQAbwByACAAZQB0ACAAYQBsAC4AIAAyADAAMQA0ACAAKABFAGMAbwBsAC4AIABFAHYAbwBsAC4AKQAuAHAAZABmAA8AGgAMAE0AYQBjAGkAbgB0AG8AcwBoACAASABEABIAYlVzZXJzL2Fib3llL0RvY3VtZW50cy9Cb3Vsb3QvQmlibGlvZ3JhcGhpZS9UaGVvcmV0aWNhbCBlY29sb2d5L0FzdG9yIGV0IGFsLiAyMDE0IChFY29sLiBFdm9sLikucGRmABMAAS8AABUAAgAM//8AAIAG0hscHR5aJGNsYXNzbmFtZVgkY2xhc3Nlc11OU011dGFibGVEYXRhox0fIFZOU0RhdGFYTlNPYmplY3TSGxwiI1xOU0RpY3Rpb25hcnmiIiBfEA9OU0tleWVkQXJjaGl2ZXLRJidUcm9vdIABAAgAEQAaACMALQAyADcAQABGAE0AVQBgAGcAagBsAG4AcQBzAHUAdwCEAI4A6ADtAPUC7wLxAvYDAQMKAxgDHAMjAywDMQM+A0EDUwNWA1sAAAAAAAACAQAAAAAAAAAoAAAAAAAAAAAAAAAAAAADXQ==}}

@article{gotelli_mccabe2002,
	Author = {Gotelli, Nicholas J and McCabe, Declan J},
	Date-Added = {2018-04-03 10:01:49 +0000},
	Date-Modified = {2018-04-03 10:01:49 +0000},
	Journal = {Ecology},
	Keywords = {Null models},
	Number = {8},
	Pages = {2091--2096},
	Publisher = {Wiley Online Library},
	Title = {Species co-occurrence: A meta-analysis of JM Diamond's assembly rules model},
	Volume = {83},
	Year = {2002},
	Bdsk-File-1 = {YnBsaXN0MDDUAQIDBAUGJCVYJHZlcnNpb25YJG9iamVjdHNZJGFyY2hpdmVyVCR0b3ASAAGGoKgHCBMUFRYaIVUkbnVsbNMJCgsMDxJXTlMua2V5c1pOUy5vYmplY3RzViRjbGFzc6INDoACgAOiEBGABIAFgAdccmVsYXRpdmVQYXRoWWFsaWFzRGF0YV8QaS4uLy4uLy4uLy4uLy4uLy4uL0JpYmxpb2dyYXBoaWUvVGhlb3JldGljYWwgZWNvbG9neS9OZXV0cmFsIHByb2Nlc3Nlcy9Hb3RlbGxpICYgTWNDYWJlIDIwMDIgKEVjb2xvZ3kpLnBkZtIXCxgZV05TLmRhdGFPEQIYAAAAAAIYAAIAAAxNYWNpbnRvc2ggSEQAAAAAAAAAAAAAAAAAAAAAAAAAQkQAAf////8fR290ZWxsaSAmIE1jQ2FiZSAyI0ZGRkZGRkZGLnBkZgAAAAAAAAAAAAAAAAAAAAAAAAAAAAAAAAAAAAAAAAAA/////wAAAABQREYgQ0FSTwAGAAQAAAogY3UAAAAAAAAAAAAAAAAAEU5ldXRyYWwgcHJvY2Vzc2VzAAACAHYvOlVzZXJzOmFib3llOkRvY3VtZW50czpCb3Vsb3Q6QmlibGlvZ3JhcGhpZTpUaGVvcmV0aWNhbCBlY29sb2d5Ok5ldXRyYWwgcHJvY2Vzc2VzOkdvdGVsbGkgJiBNY0NhYmUgMjAwMiAoRWNvbG9neSkucGRmAA4ASAAjAEcAbwB0AGUAbABsAGkAIAAmACAATQBjAEMAYQBiAGUAIAAyADAAMAAyACAAKABFAGMAbwBsAG8AZwB5ACkALgBwAGQAZgAPABoADABNAGEAYwBpAG4AdABvAHMAaAAgAEgARAASAHRVc2Vycy9hYm95ZS9Eb2N1bWVudHMvQm91bG90L0JpYmxpb2dyYXBoaWUvVGhlb3JldGljYWwgZWNvbG9neS9OZXV0cmFsIHByb2Nlc3Nlcy9Hb3RlbGxpICYgTWNDYWJlIDIwMDIgKEVjb2xvZ3kpLnBkZgATAAEvAAAVAAIADP//AACABtIbHB0eWiRjbGFzc25hbWVYJGNsYXNzZXNdTlNNdXRhYmxlRGF0YaMdHyBWTlNEYXRhWE5TT2JqZWN00hscIiNcTlNEaWN0aW9uYXJ5oiIgXxAPTlNLZXllZEFyY2hpdmVy0SYnVHJvb3SAAQAIABEAGgAjAC0AMgA3AEAARgBNAFUAYABnAGoAbABuAHEAcwB1AHcAhACOAPoA/wEHAyMDJQMqAzUDPgNMA1ADVwNgA2UDcgN1A4cDigOPAAAAAAAAAgEAAAAAAAAAKAAAAAAAAAAAAAAAAAAAA5E=}}

@article{zhang2018,
	Author = {Zhang, Hui and Chen, Han YH and Lian, Juyu and John, Robert and Li, Ronghua and Liu, Hui and Ye, Wanhui and Berninger, Frank and Ye, Qing},
	Date-Added = {2018-04-03 10:01:49 +0000},
	Date-Modified = {2018-04-20 07:29:00 +0000},
	Journal = {Functional Ecology},
	Keywords = {Null models, Trait dispersion, Chapitre 3},
	Publisher = {Wiley Online Library},
	Read = {1},
	Title = {Using functional trait diversity patterns to disentangle the scale-dependent ecological processes in a subtropical forest},
	Year = {2018},
	Bdsk-File-1 = {YnBsaXN0MDDUAQIDBAUGJCVYJHZlcnNpb25YJG9iamVjdHNZJGFyY2hpdmVyVCR0b3ASAAGGoKgHCBMUFRYaIVUkbnVsbNMJCgsMDxJXTlMua2V5c1pOUy5vYmplY3RzViRjbGFzc6INDoACgAOiEBGABIAFgAdccmVsYXRpdmVQYXRoWWFsaWFzRGF0YV8QWC4uLy4uLy4uLy4uLy4uLy4uL0JpYmxpb2dyYXBoaWUvVHJhaXRzIGRlIHZpZS9aaGFuZyBldCBhbC4gMjAxOCAoRnVuY3Rpb25hbCBlY29sb2d5KS5wZGbSFwsYGVdOUy5kYXRhTxECAgAAAAACAgACAAAMTWFjaW50b3NoIEhEAAAAAAAAAAAAAAAAAAAAAAAAAEJEAAH/////H1poYW5nIGV0IGFsLiAyMDE4ICNGRkZGRkZGRi5wZGYAAAAAAAAAAAAAAAAAAAAAAAAAAAAAAAAAAAAAAAAAAP////8AAAAAAAAAAAAAAAAABgADAAAKIGN1AAAAAAAAAAAAAAAAAA1UcmFpdHMgZGUgdmllAAACAGUvOlVzZXJzOmFib3llOkRvY3VtZW50czpCb3Vsb3Q6QmlibGlvZ3JhcGhpZTpUcmFpdHMgZGUgdmllOlpoYW5nIGV0IGFsLiAyMDE4IChGdW5jdGlvbmFsIGVjb2xvZ3kpLnBkZgAADgBWACoAWgBoAGEAbgBnACAAZQB0ACAAYQBsAC4AIAAyADAAMQA4ACAAKABGAHUAbgBjAHQAaQBvAG4AYQBsACAAZQBjAG8AbABvAGcAeQApAC4AcABkAGYADwAaAAwATQBhAGMAaQBuAHQAbwBzAGgAIABIAEQAEgBjVXNlcnMvYWJveWUvRG9jdW1lbnRzL0JvdWxvdC9CaWJsaW9ncmFwaGllL1RyYWl0cyBkZSB2aWUvWmhhbmcgZXQgYWwuIDIwMTggKEZ1bmN0aW9uYWwgZWNvbG9neSkucGRmAAATAAEvAAAVAAIADP//AACABtIbHB0eWiRjbGFzc25hbWVYJGNsYXNzZXNdTlNNdXRhYmxlRGF0YaMdHyBWTlNEYXRhWE5TT2JqZWN00hscIiNcTlNEaWN0aW9uYXJ5oiIgXxAPTlNLZXllZEFyY2hpdmVy0SYnVHJvb3SAAQAIABEAGgAjAC0AMgA3AEAARgBNAFUAYABnAGoAbABuAHEAcwB1AHcAhACOAOkA7gD2AvwC/gMDAw4DFwMlAykDMAM5Az4DSwNOA2ADYwNoAAAAAAAAAgEAAAAAAAAAKAAAAAAAAAAAAAAAAAAAA2o=}}

@article{mason2013,
	Author = {Mason, Norman WH and Bello, Francesco and Mouillot, David and Pavoine, Sandrine and Dray, St{\'e}phane},
	Date-Added = {2018-04-03 10:01:49 +0000},
	Date-Modified = {2018-04-03 10:01:49 +0000},
	Journal = {Journal of Vegetation Science},
	Keywords = {Null models, Null models},
	Number = {5},
	Pages = {794--806},
	Publisher = {Wiley Online Library},
	Title = {A guide for using functional diversity indices to reveal changes in assembly processes along ecological gradients},
	Volume = {24},
	Year = {2013},
	Bdsk-File-1 = {YnBsaXN0MDDUAQIDBAUGJCVYJHZlcnNpb25YJG9iamVjdHNZJGFyY2hpdmVyVCR0b3ASAAGGoKgHCBMUFRYaIVUkbnVsbNMJCgsMDxJXTlMua2V5c1pOUy5vYmplY3RzViRjbGFzc6INDoACgAOiEBGABIAFgAdccmVsYXRpdmVQYXRoWWFsaWFzRGF0YV8QYi4uLy4uLy4uLy4uLy4uLy4uL0JpYmxpb2dyYXBoaWUvVHJhaXRzIGRlIHZpZS9NYXNvbiBldCBhbCAyMDEzIChKb3VybmFsIG9mIFZlZ2V0YXRpb24gU2NpZW5jZSkucGRm0hcLGBlXTlMuZGF0YU8RAioAAAAAAioAAgAADE1hY2ludG9zaCBIRAAAAAAAAAAAAAAAAAAAAAAAAABCRAAB/////x9NYXNvbiBldCBhbCAyMDEzICgjRkZGRkZGRkYucGRmAAAAAAAAAAAAAAAAAAAAAAAAAAAAAAAAAAAAAAAAAAD/////AAAAAAAAAAAAAAAAAAYAAwAACiBjdQAAAAAAAAAAAAAAAAANVHJhaXRzIGRlIHZpZQAAAgBvLzpVc2VyczphYm95ZTpEb2N1bWVudHM6Qm91bG90OkJpYmxpb2dyYXBoaWU6VHJhaXRzIGRlIHZpZTpNYXNvbiBldCBhbCAyMDEzIChKb3VybmFsIG9mIFZlZ2V0YXRpb24gU2NpZW5jZSkucGRmAAAOAGoANABNAGEAcwBvAG4AIABlAHQAIABhAGwAIAAyADAAMQAzACAAKABKAG8AdQByAG4AYQBsACAAbwBmACAAVgBlAGcAZQB0AGEAdABpAG8AbgAgAFMAYwBpAGUAbgBjAGUAKQAuAHAAZABmAA8AGgAMAE0AYQBjAGkAbgB0AG8AcwBoACAASABEABIAbVVzZXJzL2Fib3llL0RvY3VtZW50cy9Cb3Vsb3QvQmlibGlvZ3JhcGhpZS9UcmFpdHMgZGUgdmllL01hc29uIGV0IGFsIDIwMTMgKEpvdXJuYWwgb2YgVmVnZXRhdGlvbiBTY2llbmNlKS5wZGYAABMAAS8AABUAAgAM//8AAIAG0hscHR5aJGNsYXNzbmFtZVgkY2xhc3Nlc11OU011dGFibGVEYXRhox0fIFZOU0RhdGFYTlNPYmplY3TSGxwiI1xOU0RpY3Rpb25hcnmiIiBfEA9OU0tleWVkQXJjaGl2ZXLRJidUcm9vdIABAAgAEQAaACMALQAyADcAQABGAE0AVQBgAGcAagBsAG4AcQBzAHUAdwCEAI4A8wD4AQADLgMwAzUDQANJA1cDWwNiA2sDcAN9A4ADkgOVA5oAAAAAAAACAQAAAAAAAAAoAAAAAAAAAAAAAAAAAAADnA==}}

@article{laliberte2013,
	Annote = {* Surlignement, page 4
The randomization was done using the `commsimulator' function (`r1′ algorithm) in the vegan R package (R Foundation for Statistical Com- puting, Vienna, AT).

},
	Author = {Lalibert{\'e}, Etienne and Norton, David A and Scott, David},
	Date-Added = {2018-04-03 10:01:49 +0000},
	Date-Modified = {2018-04-20 13:51:25 +0000},
	Journal = {Journal of Vegetation Science},
	Keywords = {Null models, Trait dispersion},
	Number = {5},
	Pages = {834--842},
	Publisher = {Wiley Online Library},
	Title = {Contrasting effects of productivity and disturbance on plant functional diversity at local and metacommunity scales},
	Volume = {24},
	Year = {2013},
	Bdsk-File-1 = {YnBsaXN0MDDUAQIDBAUGJCVYJHZlcnNpb25YJG9iamVjdHNZJGFyY2hpdmVyVCR0b3ASAAGGoKgHCBMUFRYaIVUkbnVsbNMJCgsMDxJXTlMua2V5c1pOUy5vYmplY3RzViRjbGFzc6INDoACgAOiEBGABIAFgAdccmVsYXRpdmVQYXRoWWFsaWFzRGF0YW8QZwAuAC4ALwAuAC4ALwAuAC4ALwAuAC4ALwAuAC4ALwAuAC4ALwBCAGkAYgBsAGkAbwBnAHIAYQBwAGgAaQBlAC8AVAByAGEAaQB0AHMAIABkAGUAIAB2AGkAZQAvAEwAYQBsAGkAYgBlAHIAdABlAwEAIABlAHQAIABhAGwAIAAyADAAMQAzACAAKABKAG8AdQByAG4AYQBsAF8AbwBmAF8AVgBlAGcAZQB0AGEAdABpAG8AbgBfAFMAYwBpAGUAbgBjAGUAKQAuAHAAZABm0hcLGBlXTlMuZGF0YU8RAkAAAAAAAkAAAgAADE1hY2ludG9zaCBIRAAAAAAAAAAAAAAAAAAAAAAAAABCRAAB/////x9MYWxpYmVydI4gZXQgYWwgMjAjRkZGRkZGRkYucGRmAAAAAAAAAAAAAAAAAAAAAAAAAAAAAAAAAAAAAAAAAAD/////AAAAAFBERiAAAAAAAAYAAwAACiBjdQAAAAAAAAAAAAAAAAANVHJhaXRzIGRlIHZpZQAAAgB1LzpVc2VyczphYm95ZTpEb2N1bWVudHM6Qm91bG90OkJpYmxpb2dyYXBoaWU6VHJhaXRzIGRlIHZpZTpMYWxpYmVydGXMgSBldCBhbCAyMDEzIChKb3VybmFsX29mX1ZlZ2V0YXRpb25fU2NpZW5jZSkucGRmAAAOAHQAOQBMAGEAbABpAGIAZQByAHQAZQMBACAAZQB0ACAAYQBsACAAMgAwADEAMwAgACgASgBvAHUAcgBuAGEAbABfAG8AZgBfAFYAZQBnAGUAdABhAHQAaQBvAG4AXwBTAGMAaQBlAG4AYwBlACkALgBwAGQAZgAPABoADABNAGEAYwBpAG4AdABvAHMAaAAgAEgARAASAHNVc2Vycy9hYm95ZS9Eb2N1bWVudHMvQm91bG90L0JpYmxpb2dyYXBoaWUvVHJhaXRzIGRlIHZpZS9MYWxpYmVydGXMgSBldCBhbCAyMDEzIChKb3VybmFsX29mX1ZlZ2V0YXRpb25fU2NpZW5jZSkucGRmAAATAAEvAAAVAAIADP//AACABtIbHB0eWiRjbGFzc25hbWVYJGNsYXNzZXNdTlNNdXRhYmxlRGF0YaMdHyBWTlNEYXRhWE5TT2JqZWN00hscIiNcTlNEaWN0aW9uYXJ5oiIgXxAPTlNLZXllZEFyY2hpdmVy0SYnVHJvb3SAAQAIABEAGgAjAC0AMgA3AEAARgBNAFUAYABnAGoAbABuAHEAcwB1AHcAhACOAV8BZAFsA7ADsgO3A8IDywPZA90D5APtA/ID/wQCBBQEFwQcAAAAAAAAAgEAAAAAAAAAKAAAAAAAAAAAAAAAAAAABB4=}}

@article{violle2017functional_rarity,
	Author = {Violle, Cyrille and Thuiller, Wilfried and Mouquet, Nicolas and Munoz, Fran{\c{c}}ois and Kraft, Nathan JB and Cadotte, Marc W and Livingstone, Stuart W and Mouillot, David},
	Date-Added = {2018-04-03 10:01:49 +0000},
	Date-Modified = {2018-04-20 07:29:28 +0000},
	Journal = {Trends in ecology {\&} evolution},
	Keywords = {Functional indices, Rare species},
	Number = {5},
	Pages = {356--367},
	Publisher = {Elsevier},
	Read = {1},
	Title = {Functional rarity: the ecology of outliers},
	Volume = {32},
	Year = {2017},
	Bdsk-File-1 = {YnBsaXN0MDDUAQIDBAUGJCVYJHZlcnNpb25YJG9iamVjdHNZJGFyY2hpdmVyVCR0b3ASAAGGoKgHCBMUFRYaIVUkbnVsbNMJCgsMDxJXTlMua2V5c1pOUy5vYmplY3RzViRjbGFzc6INDoACgAOiEBGABIAFgAdccmVsYXRpdmVQYXRoWWFsaWFzRGF0YV8QSi4uLy4uLy4uLy4uLy4uLy4uL0JpYmxpb2dyYXBoaWUvUmFyZSBzcGVjaWVzL1Zpb2xsZSBldCBhbC4gMjAxNyAoVFJFRSkucGRm0hcLGBlXTlMuZGF0YU8RAcoAAAAAAcoAAgAADE1hY2ludG9zaCBIRAAAAAAAAAAAAAAAAAAAAAAAAABCRAAB/////x1WaW9sbGUgZXQgYWwuIDIwMTcgKFRSRUUpLnBkZgAAAAAAAAAAAAAAAAAAAAAAAAAAAAAAAAAAAAAAAAAAAAD/////AAAAAAAAAAAAAAAAAAYAAwAACiBjdQAAAAAAAAAAAAAAAAAMUmFyZSBzcGVjaWVzAAIAVy86VXNlcnM6YWJveWU6RG9jdW1lbnRzOkJvdWxvdDpCaWJsaW9ncmFwaGllOlJhcmUgc3BlY2llczpWaW9sbGUgZXQgYWwuIDIwMTcgKFRSRUUpLnBkZgAADgA8AB0AVgBpAG8AbABsAGUAIABlAHQAIABhAGwALgAgADIAMAAxADcAIAAoAFQAUgBFAEUAKQAuAHAAZABmAA8AGgAMAE0AYQBjAGkAbgB0AG8AcwBoACAASABEABIAVVVzZXJzL2Fib3llL0RvY3VtZW50cy9Cb3Vsb3QvQmlibGlvZ3JhcGhpZS9SYXJlIHNwZWNpZXMvVmlvbGxlIGV0IGFsLiAyMDE3IChUUkVFKS5wZGYAABMAAS8AABUAAgAM//8AAIAG0hscHR5aJGNsYXNzbmFtZVgkY2xhc3Nlc11OU011dGFibGVEYXRhox0fIFZOU0RhdGFYTlNPYmplY3TSGxwiI1xOU0RpY3Rpb25hcnmiIiBfEA9OU0tleWVkQXJjaGl2ZXLRJidUcm9vdIABAAgAEQAaACMALQAyADcAQABGAE0AVQBgAGcAagBsAG4AcQBzAHUAdwCEAI4A2wDgAOgCtgK4Ar0CyALRAt8C4wLqAvMC+AMFAwgDGgMdAyIAAAAAAAACAQAAAAAAAAAoAAAAAAAAAAAAAAAAAAADJA==}}

@article{grenie2017funrar,
	Author = {Greni{\'e}, Matthias and Denelle, Pierre and Tucker, Caroline M and Munoz, Fran{\c{c}}ois and Violle, Cyrille},
	Date-Added = {2018-04-03 10:01:49 +0000},
	Date-Modified = {2018-04-03 10:01:49 +0000},
	Journal = {Diversity and Distributions},
	Keywords = {Functional indices},
	Number = {12},
	Pages = {1365--1371},
	Publisher = {Wiley Online Library},
	Title = {funrar: An R package to characterize functional rarity},
	Volume = {23},
	Year = {2017},
	Bdsk-File-1 = {YnBsaXN0MDDUAQIDBAUGJCVYJHZlcnNpb25YJG9iamVjdHNZJGFyY2hpdmVyVCR0b3ASAAGGoKgHCBMUFRYaIVUkbnVsbNMJCgsMDxJXTlMua2V5c1pOUy5vYmplY3RzViRjbGFzc6INDoACgAOiEBGABIAFgAdccmVsYXRpdmVQYXRoWWFsaWFzRGF0YW8QYgAuAC4ALwAuAC4ALwAuAC4ALwAuAC4ALwAuAC4ALwAuAC4ALwBCAGkAYgBsAGkAbwBnAHIAYQBwAGgAaQBlAC8AVAByAGEAaQB0AHMAIABkAGUAIAB2AGkAZQAvAE0AZQB0AGgAbwBkAHMALwBHAHIAZQBuAGkAZQMBACAAZQB0ACAAYQBsACAAMgAwADEANwAgACgAQgBpAG8AZABpAHYAZQByAHMAaQB0AHkAIABMAGUAdAB0AGUAcgApAC4AcABkAGbSFwsYGVdOUy5kYXRhTxECFAAAAAACFAACAAAMTWFjaW50b3NoIEhEAAAAAAAAAAAAAAAAAAAAAAAAAEJEAAH/////H0dyZW5pjiBldCBhbCAyMDE3ICNGRkZGRkZGRi5wZGYAAAAAAAAAAAAAAAAAAAAAAAAAAAAAAAAAAAAAAAAAAP////8AAAAAAAAAAAAAAAAABgAEAAAKIGN1AAAAAAAAAAAAAAAAAAdNZXRob2RzAAACAHAvOlVzZXJzOmFib3llOkRvY3VtZW50czpCb3Vsb3Q6QmlibGlvZ3JhcGhpZTpUcmFpdHMgZGUgdmllOk1ldGhvZHM6R3JlbmllzIEgZXQgYWwgMjAxNyAoQmlvZGl2ZXJzaXR5IExldHRlcikucGRmAA4AWgAsAEcAcgBlAG4AaQBlAwEAIABlAHQAIABhAGwAIAAyADAAMQA3ACAAKABCAGkAbwBkAGkAdgBlAHIAcwBpAHQAeQAgAEwAZQB0AHQAZQByACkALgBwAGQAZgAPABoADABNAGEAYwBpAG4AdABvAHMAaAAgAEgARAASAG5Vc2Vycy9hYm95ZS9Eb2N1bWVudHMvQm91bG90L0JpYmxpb2dyYXBoaWUvVHJhaXRzIGRlIHZpZS9NZXRob2RzL0dyZW5pZcyBIGV0IGFsIDIwMTcgKEJpb2RpdmVyc2l0eSBMZXR0ZXIpLnBkZgATAAEvAAAVAAIADP//AACABtIbHB0eWiRjbGFzc25hbWVYJGNsYXNzZXNdTlNNdXRhYmxlRGF0YaMdHyBWTlNEYXRhWE5TT2JqZWN00hscIiNcTlNEaWN0aW9uYXJ5oiIgXxAPTlNLZXllZEFyY2hpdmVy0SYnVHJvb3SAAQAIABEAGgAjAC0AMgA3AEAARgBNAFUAYABnAGoAbABuAHEAcwB1AHcAhACOAVUBWgFiA3oDfAOBA4wDlQOjA6cDrgO3A7wDyQPMA94D4QPmAAAAAAAAAgEAAAAAAAAAKAAAAAAAAAAAAAAAAAAAA+g=}}

@article{gotzenberger2016randomizations,
	Author = {G{\"o}tzenberger, Lars and Botta-Duk{\'a}t, Zolt{\'a}n and Lep{\v{s}}, Jan and P{\"a}rtel, Meelis and Zobel, Martin and Bello, Francesco},
	Date-Added = {2018-04-03 10:01:49 +0000},
	Date-Modified = {2018-04-03 10:01:49 +0000},
	Journal = {Journal of Vegetation Science},
	Keywords = {Trait dispersion, Null models},
	Number = {6},
	Pages = {1275--1287},
	Publisher = {Wiley Online Library},
	Title = {Which randomizations detect convergence and divergence in trait-based community assembly? A test of commonly used null models},
	Volume = {27},
	Year = {2016},
	Bdsk-File-1 = {YnBsaXN0MDDUAQIDBAUGJCVYJHZlcnNpb25YJG9iamVjdHNZJGFyY2hpdmVyVCR0b3ASAAGGoKgHCBMUFRYaIVUkbnVsbNMJCgsMDxJXTlMua2V5c1pOUy5vYmplY3RzViRjbGFzc6INDoACgAOiEBGABIAFgAdccmVsYXRpdmVQYXRoWWFsaWFzRGF0YV8QVy4uLy4uLy4uLy4uLy4uLy4uL0JpYmxpb2dyYXBoaWUvVHJhaXRzIGRlIHZpZS9NZXRob2RzL0dvdHplbmJlcmdlciBldCBhbCAyMDE2IChKVlMpLnBkZtIXCxgZV05TLmRhdGFPEQHmAAAAAAHmAAIAAAxNYWNpbnRvc2ggSEQAAAAAAAAAAAAAAAAAAAAAAAAAQkQAAf////8fR290emVuYmVyZ2VyIGV0IGFsI0ZGRkZGRkZGLnBkZgAAAAAAAAAAAAAAAAAAAAAAAAAAAAAAAAAAAAAAAAAA/////wAAAAAAAAAAAAAAAAAGAAQAAAogY3UAAAAAAAAAAAAAAAAAB01ldGhvZHMAAAIAZC86VXNlcnM6YWJveWU6RG9jdW1lbnRzOkJvdWxvdDpCaWJsaW9ncmFwaGllOlRyYWl0cyBkZSB2aWU6TWV0aG9kczpHb3R6ZW5iZXJnZXIgZXQgYWwgMjAxNiAoSlZTKS5wZGYADgBEACEARwBvAHQAegBlAG4AYgBlAHIAZwBlAHIAIABlAHQAIABhAGwAIAAyADAAMQA2ACAAKABKAFYAUwApAC4AcABkAGYADwAaAAwATQBhAGMAaQBuAHQAbwBzAGgAIABIAEQAEgBiVXNlcnMvYWJveWUvRG9jdW1lbnRzL0JvdWxvdC9CaWJsaW9ncmFwaGllL1RyYWl0cyBkZSB2aWUvTWV0aG9kcy9Hb3R6ZW5iZXJnZXIgZXQgYWwgMjAxNiAoSlZTKS5wZGYAEwABLwAAFQACAAz//wAAgAbSGxwdHlokY2xhc3NuYW1lWCRjbGFzc2VzXU5TTXV0YWJsZURhdGGjHR8gVk5TRGF0YVhOU09iamVjdNIbHCIjXE5TRGljdGlvbmFyeaIiIF8QD05TS2V5ZWRBcmNoaXZlctEmJ1Ryb290gAEACAARABoAIwAtADIANwBAAEYATQBVAGAAZwBqAGwAbgBxAHMAdQB3AIQAjgDoAO0A9QLfAuEC5gLxAvoDCAMMAxMDHAMhAy4DMQNDA0YDSwAAAAAAAAIBAAAAAAAAACgAAAAAAAAAAAAAAAAAAANN}}

@article{podani2009convex_hulls,
	Author = {Podani, J},
	Date-Added = {2018-04-03 10:01:49 +0000},
	Date-Modified = {2018-04-03 10:01:49 +0000},
	Journal = {Community Ecology},
	Number = {2},
	Pages = {244--250},
	Publisher = {Akad{\'e}miai Kiad{\'o}},
	Title = {Convex hulls, habitat filtering, and functional diversity: mathematical elegance versus ecological interpretability},
	Volume = {10},
	Year = {2009}}

@article{botta_dukat2016,
	Author = {Botta-Duk{\'a}t, Zolt{\'a}n and Cz{\'u}cz, B{\'a}lint},
	Date-Added = {2018-04-03 10:01:49 +0000},
	Date-Modified = {2018-04-20 07:27:34 +0000},
	Journal = {Methods in Ecology and Evolution},
	Keywords = {Trait dispersion, Null models, Functional indices},
	Number = {1},
	Pages = {114--126},
	Publisher = {Wiley Online Library},
	Read = {1},
	Title = {Testing the ability of functional diversity indices to detect trait convergence and divergence using individual-based simulation},
	Volume = {7},
	Year = {2016},
	Bdsk-File-1 = {YnBsaXN0MDDUAQIDBAUGJCVYJHZlcnNpb25YJG9iamVjdHNZJGFyY2hpdmVyVCR0b3ASAAGGoKgHCBMUFRYaIVUkbnVsbNMJCgsMDxJXTlMua2V5c1pOUy5vYmplY3RzViRjbGFzc6INDoACgAOiEBGABIAFgAdccmVsYXRpdmVQYXRoWWFsaWFzRGF0YV8QTy4uLy4uLy4uLy4uLy4uLy4uL0JpYmxpb2dyYXBoaWUvVHJhaXRzIGRlIHZpZS9Cb3R0YS1EdWthdCBldCBhbC4gMjAxNiAoTUVFKS5wZGbSFwsYGVdOUy5kYXRhTxEB3AAAAAAB3AACAAAMTWFjaW50b3NoIEhEAAAAAAAAAAAAAAAAAAAAAAAAAEJEAAH/////H0JvdHRhLUR1a2F0IGV0IGFsLiNGRkZGRkZGRi5wZGYAAAAAAAAAAAAAAAAAAAAAAAAAAAAAAAAAAAAAAAAAAP////8AAAAAAAAAAAAAAAAABgADAAAKIGN1AAAAAAAAAAAAAAAAAA1UcmFpdHMgZGUgdmllAAACAFwvOlVzZXJzOmFib3llOkRvY3VtZW50czpCb3Vsb3Q6QmlibGlvZ3JhcGhpZTpUcmFpdHMgZGUgdmllOkJvdHRhLUR1a2F0IGV0IGFsLiAyMDE2IChNRUUpLnBkZgAOAEQAIQBCAG8AdAB0AGEALQBEAHUAawBhAHQAIABlAHQAIABhAGwALgAgADIAMAAxADYAIAAoAE0ARQBFACkALgBwAGQAZgAPABoADABNAGEAYwBpAG4AdABvAHMAaAAgAEgARAASAFpVc2Vycy9hYm95ZS9Eb2N1bWVudHMvQm91bG90L0JpYmxpb2dyYXBoaWUvVHJhaXRzIGRlIHZpZS9Cb3R0YS1EdWthdCBldCBhbC4gMjAxNiAoTUVFKS5wZGYAEwABLwAAFQACAAz//wAAgAbSGxwdHlokY2xhc3NuYW1lWCRjbGFzc2VzXU5TTXV0YWJsZURhdGGjHR8gVk5TRGF0YVhOU09iamVjdNIbHCIjXE5TRGljdGlvbmFyeaIiIF8QD05TS2V5ZWRBcmNoaXZlctEmJ1Ryb290gAEACAARABoAIwAtADIANwBAAEYATQBVAGAAZwBqAGwAbgBxAHMAdQB3AIQAjgDgAOUA7QLNAs8C1ALfAugC9gL6AwEDCgMPAxwDHwMxAzQDOQAAAAAAAAIBAAAAAAAAACgAAAAAAAAAAAAAAAAAAAM7}}

@article{laliberte2010FDis,
	Author = {Lalibert{\'e}, Etienne and Legendre, Pierre},
	Date-Added = {2018-04-03 10:01:49 +0000},
	Date-Modified = {2018-04-03 10:01:49 +0000},
	Journal = {Ecology},
	Keywords = {Functional indices},
	Number = {1},
	Pages = {299--305},
	Publisher = {Wiley Online Library},
	Title = {A distance-based framework for measuring functional diversity from multiple traits},
	Volume = {91},
	Year = {2010},
	Bdsk-File-1 = {YnBsaXN0MDDUAQIDBAUGJCVYJHZlcnNpb25YJG9iamVjdHNZJGFyY2hpdmVyVCR0b3ASAAGGoKgHCBMUFRYaIVUkbnVsbNMJCgsMDxJXTlMua2V5c1pOUy5vYmplY3RzViRjbGFzc6INDoACgAOiEBGABIAFgAdccmVsYXRpdmVQYXRoWWFsaWFzRGF0YV8Qay4uLy4uLy4uLy4uLy4uLy4uL0JpYmxpb2dyYXBoaWUvVHJhaXRzIGRlIHZpZS9JbmRpY2VzIGZvbmN0aW9ubmVscy9MYWxpYmVydGUgZXQgTGVnZW5kcmUgMjAxMCAoRWNvbG9neSkucGRm0hcLGBlXTlMuZGF0YU8RAigAAAAAAigAAgAADE1hY2ludG9zaCBIRAAAAAAAAAAAAAAAAAAAAAAAAABCRAAB/////x9MYWxpYmVydGUgZXQgTGVnZW4jRkZGRkZGRkYucGRmAAAAAAAAAAAAAAAAAAAAAAAAAAAAAAAAAAAAAAAAAAD/////AAAAAAAAAAAAAAAAAAYABAAACiBjdQAAAAAAAAAAAAAAAAAUSW5kaWNlcyBmb25jdGlvbm5lbHMAAgB4LzpVc2VyczphYm95ZTpEb2N1bWVudHM6Qm91bG90OkJpYmxpb2dyYXBoaWU6VHJhaXRzIGRlIHZpZTpJbmRpY2VzIGZvbmN0aW9ubmVsczpMYWxpYmVydGUgZXQgTGVnZW5kcmUgMjAxMCAoRWNvbG9neSkucGRmAA4AUgAoAEwAYQBsAGkAYgBlAHIAdABlACAAZQB0ACAATABlAGcAZQBuAGQAcgBlACAAMgAwADEAMAAgACgARQBjAG8AbABvAGcAeQApAC4AcABkAGYADwAaAAwATQBhAGMAaQBuAHQAbwBzAGgAIABIAEQAEgB2VXNlcnMvYWJveWUvRG9jdW1lbnRzL0JvdWxvdC9CaWJsaW9ncmFwaGllL1RyYWl0cyBkZSB2aWUvSW5kaWNlcyBmb25jdGlvbm5lbHMvTGFsaWJlcnRlIGV0IExlZ2VuZHJlIDIwMTAgKEVjb2xvZ3kpLnBkZgATAAEvAAAVAAIADP//AACABtIbHB0eWiRjbGFzc25hbWVYJGNsYXNzZXNdTlNNdXRhYmxlRGF0YaMdHyBWTlNEYXRhWE5TT2JqZWN00hscIiNcTlNEaWN0aW9uYXJ5oiIgXxAPTlNLZXllZEFyY2hpdmVy0SYnVHJvb3SAAQAIABEAGgAjAC0AMgA3AEAARgBNAFUAYABnAGoAbABuAHEAcwB1AHcAhACOAPwBAQEJAzUDNwM8A0cDUANeA2IDaQNyA3cDhAOHA5kDnAOhAAAAAAAAAgEAAAAAAAAAKAAAAAAAAAAAAAAAAAAAA6M=}}
